@inproceedings{Stolcke2002,
	author = {Stolcke, Andreas},
	booktitle = {Proceedings International Conference on Spoken Language Processing},
	keywords = {toolkits; language model},
	month = {November},
	pages = {257-286},
	title = {SRILM - An extensible language modeling toolkit},
	year = 2002
}


@article{Piantadosi2014,
	year={2014},
	issn={1069-9384},
	journal={Psychonomic Bulletin \& Review},
	volume={21},
	number={5},
	doi={10.3758/s13423-014-0585-6},
	title={Zipf’s word frequency law in natural language: A critical review and future directions},
	publisher={Springer US},
	keywords={Language; Zipf’s law; Statistics},
	author={Piantadosi, Steven},
	pages={1112-1130},
	language={English}
}


@article{NemethZainko2003,
	author = {Németh, Géza and Zainkó, Csaba},
	issn = {1216-8076},
	journal = {Acta Linguistica Hungarica},
	keywords = {zipf},
	month = mar,
	number = {3-4},
	pages = {385--405},
	publisher = {Springer},
	title = {Multilingual statistical text analysis, Zipf's law and Hungarian speech generation},
	volume = {49},
	year = {2003}
}


@TechReport{Chen98,
	author = {Chen, Stanley F. and Goodman, Joshua},
	title = {An empirical study of smoothing techniques for language modeling},
	institution = {Harvard University},
	year = {1998}
}


@book{Clark2010,
	title = {The Handbook of Computational Linguistics and Natural Language Processing},
	publisher = {Wiley-Blackwell},
	author = {Alexander Clark and Chris Fox and Shalom Lappin},
	year = {2010},
}