@inproceedings{Stolcke2002,
	added-at = {2010-11-08T15:06:07.000+0100},
	author = {Stolcke, Andreas},
	biburl = {http://www.bibsonomy.org/bibtex/2173cfe2d69131dd4cd823e2d87772ca6/yfpeng},
	booktitle = {Proceedings International Conference on Spoken Language Processing},
	file = {:SRILM-an extensible language modeling toolkit.pdf:PDF},
	interhash = {3c28bc012b07b969bbd7df72f7e19762},
	intrahash = {173cfe2d69131dd4cd823e2d87772ca6},
	keywords = {toolkits language_model},
	month = {November},
	owner = {Yifan Peng},
	pages = {257-286},
	timestamp = {2012-07-08T01:07:04.000+0200},
	title = {SRILM-an extensible language modeling toolkit},
	year = 2002
}
